@article{braida2015transforming,
  title={Transforming collaborative filtering into supervised learning},
  author={Braida, Filipe and Mello, Carlos E and Pasinato, Marden B and Zimbr{\~a}o, Geraldo},
  journal={Expert Systems with Applications},
  volume={42},
  number={10},
  pages={4733--4742},
  year={2015},
  publisher={Elsevier}
},

@article{nelsonAbreu2009,
  title={BRAZILIAN HIGHER EDUCATION ASSESSMENT SYSTEM(S)},
  author={Nelson de Abreu J{\'u}nior},
  journal={Expert Systems with Applications},
  volume={29},
  number={78},
  pages={257--269},
  year={2009},
  publisher={CEDES},
  url={https://www.scielo.br/j/ccedes/a/MQXtxPjfk6TjVjmhGqLWqgB/?format=pdf&lang=pt}
},

@manual{abntex2classe,
	Author = {Lauro C{\'e}sar Araujo},
	Date-Added = {2013-01-09 10:37:38 +0000},
	Date-Modified = {2015-04-27 22:42:47 +0000},
	Organization = {Equipe abnTeX2},
	Title = {A classe abntex2: Modelo can{\^o}nico de trabalhos acad{\^e}micos brasileiros compat{\'\i}vel com as normas ABNT NBR 14724:2011, ABNT NBR 6024:2012 e outras},
	Url = {http://www.abntex.net.br/},
	Year = {2015},
	Bdsk-Url-1 = {http://www.abntex.net.br/}}